<?xml version="1.0" encoding="UTF-8"?><collection xmlns="http://www.loc.gov/MARC21/slim"><record><leader>00430nam--2200133-i-4500</leader><controlfield tag="001">000034357</controlfield><controlfield tag="002">20161230</controlfield><controlfield tag="005">20161230201040</controlfield><controlfield tag="008">060222s1000------------r-----000-0-eng-d</controlfield><datafield ind1=" " ind2=" " tag="080"><subfield code="a">57.042(043)</subfield></datafield><datafield ind1=" " ind2=" " tag="100"><subfield code="a">Nolibe, Daniel</subfield></datafield><datafield ind1=" " ind2=" " tag="245"><subfield code="a">Etude de la retention de l`oxyde de plutoium inhale modalites de son elimination par lavage pulmonaire et role du macrophage alveolaire. these</subfield></datafield><datafield ind1=" " ind2=" " tag="260"><subfield code="a">Paris, Univ., 1976, 212p</subfield></datafield><datafield ind1=" " ind2=" " tag="852"><subfield code="a">46819</subfield></datafield></record></collection>